@misc{Venetian2024,
  title   = "Blackjack Basics",
  howpublished = "\url{https://www.venetianlasvegas.com/resort/casino/table-games/how-to-play-blackjack.html}",
  note    = "Accessed: Oct. 12, 2024",
  author  = "The Venetian Resort"
}

@article{Cotte2009742,
  title   = "Blackjack in the Kitchen: Understanding Online versus Casino Gambling",
  journal = "The Journal of Consumer Research",
  volume  = "35",
  number  = "5",
  pages   = "742--758",
  year    = "2009",
  author  = "June Cotte and Kathryn A. Latour",
  issn    = "0093-5301"
}

@article{Hewig2007865,
  title   = "Decision-Making in Blackjack: An Electrophysiological Analysis",
  journal = "Cerebral Cortex",
  volume  = "17",
  number  = "4",
  pages   = "865--877",
  year    = "2007",
  author  = "Johannes Hewig and Ralf Trippe and Holger Hecht and Michael G. H. Coles and Clay B. Holroyd and Wolfgang H. R. Miltner",
  issn    = "1047-3211"
}

@online{DataScientest2024,
  title   = "Matriz de Confusión",
  author  = "DataScientest",
  year    = "2024",
  url     = "https://datascientest.com/es/matriz-de-confusion",
  note    = "Accedido el 10 de noviembre de 2024"
}
